1CClientBankExchange
ВерсияФормата=1.02
Кодировка=Windows
Отправитель=Interbank RS
Получатель=1С:Бухгалтерия
ДатаСоздания=22.12.2023
ВремяСоздания=03:18:10
ДатаНачала=19.12.2023
ДатаКонца=19.12.2023
РасчСчет=40702810266000000335
СекцияРасчСчет
ДатаНачала=19.12.2023
ДатаКонца=19.12.2023
РасчСчет=40702810266000000335
НачальныйОстаток=10631103.00
КонечныйОстаток=3986148.10
ВсегоПоступило=72384698.20
ВсегоСписано=79029653.10
КонецРасчСчет
СекцияДокумент=Банковский ордер
Дата=19.12.2023
Номер=153
Сумма=162827.40
ПлательщикСчет=47426810366000074236
ДатаСписано=19.12.2023
Плательщик= ИРКУТСКИЙ РФ АО "РОССЕЛЬХОЗБАНК"
ПлательщикИНН=7725114488
ПлательщикКПП=380843001
Плательщик1=ИРКУТСКИЙ РФ АО "РОССЕЛЬХОЗБАНК"
Плательщик2=47426810366000074236
Плательщик3=ИРКУТСКИЙ РФ АО "РОССЕЛЬХОЗБАНК"
Плательщик4=
ПлательщикРасчСчет=47426810366000074236
ПлательщикБанк1=ИРКУТСКИЙ РФ АО "РОССЕЛЬХОЗБАНК"
ПлательщикБанк2=г Иркутск
ПлательщикБИК=042520700
ПлательщикКорсчет=
ПолучательСчет=40702810266000000335
ДатаПоступило=19.12.2023
Получатель=ИНН 3811185573/381101001 ООО "ИРКУТСКИЙ МАСЛОЖИРКОМБИНАТ"
ПолучательИНН=3811185573
ПолучательКПП=381101001
Получатель1=ООО "ИРКУТСКИЙ МАСЛОЖИРКОМБИНАТ"
Получатель2=40702810266000000335
Получатель3=ИРКУТСКИЙ РФ АО "РОССЕЛЬХОЗБАНК"
Получатель4=
ПолучательРасчСчет=40702810266000000335
ПолучательБанк1=ИРКУТСКИЙ РФ АО "РОССЕЛЬХОЗБАНК"
ПолучательБанк2=г Иркутск
ПолучательБИК=042520700
ПолучательКорсчет=30101810700000000700
СрокПлатежа=
Очередность=5
НазначениеПлатежа=Уплата процентов по Договору об общих условиях размещения депозитов от 25.11.2020 № 066-09-08-014 Депозитный Договор № 066-09-08-014/0569 от 21.04.2023. НДС не облагается.
ВидПлатежа=
ВидОплаты=17
Код=
КонецДокумента
"Левая строка"
СекцияДокумент=Платежное поручение
Дата=19.12.2023
Номер=154
Сумма=40000000.00
ПлательщикСчет=42105810466000000840
ДатаСписано=
Плательщик=ООО "ИРКУТСКИЙ МАСЛОЖИРКОМБИНАТ"
ПлательщикИНН=3811185573
ПлательщикКПП=381101001
Плательщик1=ООО "ИРКУТСКИЙ МАСЛОЖИРКОМБИНАТ"
Плательщик2=
Плательщик3=
Плательщик4=
ПлательщикРасчСчет=42105810466000000840
ПлательщикБанк1=ИРКУТСКИЙ РФ АО "РОССЕЛЬХОЗБАНК"
ПлательщикБанк2=г Иркутск
ПлательщикБИК=042520700
ПлательщикКорсчет=30101810700000000700
ПолучательСчет=40702810266000000335
ДатаПоступило=19.12.2023
Получатель=ООО "ИРКУТСКИЙ МАСЛОЖИРКОМБИНАТ"
ПолучательИНН=3811185573
ПолучательКПП=381101001
Получатель1=ООО "ИРКУТСКИЙ МАСЛОЖИРКОМБИНАТ"
Получатель2=
Получатель3=
Получатель4=
ПолучательРасчСчет=40702810266000000335
ПолучательБанк1=ИРКУТСКИЙ РФ АО "РОССЕЛЬХОЗБАНК"
ПолучательБанк2=г Иркутск
ПолучательБИК=042520700
ПолучательКорсчет=30101810700000000700
СрокПлатежа=
Очередность=5
НазначениеПлатежа=Возврат суммы по Договору об общих условиях размещения депозитов от 25.11.2020 № 066-09-08-014 Депозитный Договор № 066-09-08-014/0569 от 21.04.2023. Без налога (НДС)
ВидПлатежа=
ВидОплаты=01
Код=
КонецДокумента
СекцияДокумент=Банковский ордер
Дата=19.12.2023
Номер=157
Сумма=81413.70
ПлательщикСчет=47426810266000074242
ДатаСписано=19.12.2023
Плательщик= ИРКУТСКИЙ РФ АО "РОССЕЛЬХОЗБАНК"
ПлательщикИНН=7725114488
ПлательщикКПП=380843001
Плательщик1=ИРКУТСКИЙ РФ АО "РОССЕЛЬХОЗБАНК"
Плательщик2=47426810266000074242
Плательщик3=ИРКУТСКИЙ РФ АО "РОССЕЛЬХОЗБАНК"
Плательщик4=
ПлательщикРасчСчет=47426810266000074242
ПлательщикБанк1=ИРКУТСКИЙ РФ АО "РОССЕЛЬХОЗБАНК"
ПлательщикБанк2=г Иркутск
ПлательщикБИК=042520700
ПлательщикКорсчет=
ПолучательСчет=40702810266000000335
ДатаПоступило=19.12.2023
Получатель=ИНН 3811185573/381101001 ООО "ИРКУТСКИЙ МАСЛОЖИРКОМБИНАТ"
ПолучательИНН=3811185573
ПолучательКПП=381101001
Получатель1=ООО "ИРКУТСКИЙ МАСЛОЖИРКОМБИНАТ"
Получатель2=40702810266000000335
Получатель3=ИРКУТСКИЙ РФ АО "РОССЕЛЬХОЗБАНК"
Получатель4=
ПолучательРасчСчет=40702810266000000335
ПолучательБанк1=ИРКУТСКИЙ РФ АО "РОССЕЛЬХОЗБАНК"
ПолучательБанк2=г Иркутск
ПолучательБИК=042520700
ПолучательКорсчет=30101810700000000700
СрокПлатежа=
Очередность=5
НазначениеПлатежа=Уплата процентов по Договору об общих условиях размещения депозитов от 25.11.2020 № 066-09-08-014 Депозитный Договор № 066-09-08-014/0570 от 24.04.2023. НДС не облагается.
ВидПлатежа=
ВидОплаты=17
Код=
КонецДокумента
СекцияДокумент=Платежное поручение
Дата=19.12.2023
Номер=158
Сумма=20000000.00
ПлательщикСчет=42105810766000000841
ДатаСписано=
Плательщик=ООО "ИРКУТСКИЙ МАСЛОЖИРКОМБИНАТ"
ПлательщикИНН=3811185573
ПлательщикКПП=381101001
Плательщик1=ООО "ИРКУТСКИЙ МАСЛОЖИРКОМБИНАТ"
Плательщик2=
Плательщик3=
Плательщик4=
ПлательщикРасчСчет=42105810766000000841
ПлательщикБанк1=ИРКУТСКИЙ РФ АО "РОССЕЛЬХОЗБАНК"
ПлательщикБанк2=г Иркутск
ПлательщикБИК=042520700
ПлательщикКорсчет=30101810700000000700
ПолучательСчет=40702810266000000335
ДатаПоступило=19.12.2023
Получатель=ООО "ИРКУТСКИЙ МАСЛОЖИРКОМБИНАТ"
ПолучательИНН=3811185573
ПолучательКПП=381101001
Получатель1=ООО "ИРКУТСКИЙ МАСЛОЖИРКОМБИНАТ"
Получатель2=
Получатель3=
Получатель4=
ПолучательРасчСчет=40702810266000000335
ПолучательБанк1=ИРКУТСКИЙ РФ АО "РОССЕЛЬХОЗБАНК"
ПолучательБанк2=г Иркутск
ПолучательБИК=042520700
ПолучательКорсчет=30101810700000000700
СрокПлатежа=
Очередность=5
НазначениеПлатежа=Возврат суммы по Договору об общих условиях размещения депозитов от 25.11.2020 № 066-09-08-014 Депозитный Договор № 066-09-08-014/0570 от 24.04.2023. Без налога (НДС)
ВидПлатежа=
ВидОплаты=01
Код=
КонецДокумента
СекцияДокумент=Банковский ордер
Дата=19.12.2023
Номер=853
Сумма=12140457.10
ПлательщикСчет=45206810266000003325
ДатаСписано=19.12.2023
Плательщик= ИРКУТСКИЙ РФ АО "РОССЕЛЬХОЗБАНК"
ПлательщикИНН=7725114488
ПлательщикКПП=380843001
Плательщик1=ИРКУТСКИЙ РФ АО "РОССЕЛЬХОЗБАНК"
Плательщик2=45206810266000003325
Плательщик3=ИРКУТСКИЙ РФ АО "РОССЕЛЬХОЗБАНК"
Плательщик4=
ПлательщикРасчСчет=45206810266000003325
ПлательщикБанк1=ИРКУТСКИЙ РФ АО "РОССЕЛЬХОЗБАНК"
ПлательщикБанк2=г Иркутск
ПлательщикБИК=042520700
ПлательщикКорсчет=
ПолучательСчет=40702810266000000335
ДатаПоступило=19.12.2023
Получатель=ИНН 3811185573/381101001 ООО "ИРКУТСКИЙ МАСЛОЖИРКОМБИНАТ"
ПолучательИНН=3811185573
ПолучательКПП=381101001
Получатель1=ООО "ИРКУТСКИЙ МАСЛОЖИРКОМБИНАТ"
Получатель2=40702810266000000335
Получатель3=ИРКУТСКИЙ РФ АО "РОССЕЛЬХОЗБАНК"
Получатель4=
ПолучательРасчСчет=40702810266000000335
ПолучательБанк1=ИРКУТСКИЙ РФ АО "РОССЕЛЬХОЗБАНК"
ПолучательБанк2=г Иркутск
ПолучательБИК=042520700
ПолучательКорсчет=30101810700000000700
СрокПлатежа=
Очередность=5
НазначениеПлатежа=Предоставление кредита по Договору 236600/0073-13 от 19.12.23 ООО "ИРКУТСКИЙ МАСЛОЖИРКОМБИНАТ" Без налога (НДС)
ВидПлатежа=
ВидОплаты=17
Код=
КонецДокумента
СекцияДокумент=Платежное поручение
Дата=19.12.2023
Номер=967
Сумма=176514.00
ПлательщикСчет=40702810266000000335
ДатаСписано=19.12.2023
Плательщик=ООО "ИРКУТСКИЙ МАСЛОЖИРКОМБИНАТ"
ПлательщикИНН=3811185573
ПлательщикКПП=381101001
Плательщик1=ООО "ИРКУТСКИЙ МАСЛОЖИРКОМБИНАТ"
Плательщик2=
Плательщик3=
Плательщик4=
ПлательщикРасчСчет=40702810266000000335
ПлательщикБанк1=ИРКУТСКИЙ РФ АО "РОССЕЛЬХОЗБАНК"
ПлательщикБанк2=г Иркутск
ПлательщикБИК=042520700
ПлательщикКорсчет=30101810700000000700
ПолучательСчет=40802810366030000008
ДатаПоступило=
Получатель=КАХАРОВ САЛОМ КУШМАТОВИЧ (ИП ГКФХ)
ПолучательИНН=384200656149
ПолучательКПП=0
Получатель1=КАХАРОВ САЛОМ КУШМАТОВИЧ (ИП ГКФХ)
Получатель2=
Получатель3=
Получатель4=
ПолучательРасчСчет=40802810366030000008
ПолучательБанк1=ИРКУТСКИЙ РФ АО "РОССЕЛЬХОЗБАНК"
ПолучательБанк2=г Иркутск
ПолучательБИК=042520700
ПолучательКорсчет=30101810700000000700
СрокПлатежа=
Очередность=5
НазначениеПлатежа=Оплата по договору №26 от 14.01.2023г. за  молоко (не является авансовым платежом)  НДС-не облагается
ВидПлатежа=
ВидОплаты=01
Код=
КонецДокумента
СекцияДокумент=Платежное поручение
Дата=19.12.2023
Номер=964
Сумма=287999.00
ПлательщикСчет=40702810266000000335
ДатаСписано=19.12.2023
Плательщик=ООО "ИРКУТСКИЙ МАСЛОЖИРКОМБИНАТ"
ПлательщикИНН=3811185573
ПлательщикКПП=381101001
Плательщик1=ООО "ИРКУТСКИЙ МАСЛОЖИРКОМБИНАТ"
Плательщик2=
Плательщик3=
Плательщик4=
ПлательщикРасчСчет=40702810266000000335
ПлательщикБанк1=ИРКУТСКИЙ РФ АО "РОССЕЛЬХОЗБАНК"
ПлательщикБанк2=г Иркутск
ПлательщикБИК=042520700
ПлательщикКорсчет=30101810700000000700
ПолучательСчет=40802810666020000077
ДатаПоступило=
Получатель=ТЕРЕХОВА ЕЛЕНА СТЕПАНОВНА (ИП ГКФХ)
ПолучательИНН=383200042620
ПолучательКПП=0
Получатель1=ТЕРЕХОВА ЕЛЕНА СТЕПАНОВНА (ИП ГКФХ)
Получатель2=
Получатель3=
Получатель4=
ПолучательРасчСчет=40802810666020000077
ПолучательБанк1=ИРКУТСКИЙ РФ АО "РОССЕЛЬХОЗБАНК"
ПолучательБанк2=г Иркутск
ПолучательБИК=042520700
ПолучательКорсчет=30101810700000000700
СрокПлатежа=
Очередность=5
НазначениеПлатежа=Оплата по договору №19 от 01.01.2023г.за молоко (не является авансовым платежом)  НДС- не облагается
ВидПлатежа=
ВидОплаты=01
Код=
КонецДокумента
СекцияДокумент=Платежное поручение
Дата=19.12.2023
Номер=969
Сумма=5115000.00
ПлательщикСчет=40702810266000000335
ДатаСписано=19.12.2023
Плательщик=ООО "ИРКУТСКИЙ МАСЛОЖИРКОМБИНАТ"
ПлательщикИНН=3811185573
ПлательщикКПП=381101001
Плательщик1=ООО "ИРКУТСКИЙ МАСЛОЖИРКОМБИНАТ"
Плательщик2=
Плательщик3=
Плательщик4=
ПлательщикРасчСчет=40702810266000000335
ПлательщикБанк1=ИРКУТСКИЙ РФ АО "РОССЕЛЬХОЗБАНК"
ПлательщикБанк2=г Иркутск
ПлательщикБИК=042520700
ПлательщикКорсчет=30101810700000000700
ПолучательСчет=40702810431340100627
ДатаПоступило=
Получатель=ОАО "ПЛЕМЗАВОД КРАСНЫЙ МАЯК"
ПолучательИНН=2450013518
ПолучательКПП=245001001
Получатель1=ОАО "ПЛЕМЗАВОД КРАСНЫЙ МАЯК"
Получатель2=
Получатель3=
Получатель4=
ПолучательРасчСчет=40702810431340100627
ПолучательБанк1=КРАСНОЯРСКОЕ ОТДЕЛЕНИЕ N 8646 ПАО СБЕРБАНК
ПолучательБанк2=г Красноярск
ПолучательБИК=040407627
ПолучательКорсчет=30101810800000000627
СрокПлатежа=
Очередность=5
НазначениеПлатежа=Авансовый платеж по сч.№209 от 11.12.2023г., дог.№1 от 01.01.2023г. за молоко    НДС-465000=
ВидПлатежа=
ВидОплаты=01
Код=
КонецДокумента
СекцияДокумент=Платежное поручение
Дата=19.12.2023
Номер=963
Сумма=1083322.90
ПлательщикСчет=40702810266000000335
ДатаСписано=19.12.2023
Плательщик=ООО "ИРКУТСКИЙ МАСЛОЖИРКОМБИНАТ"
ПлательщикИНН=3811185573
ПлательщикКПП=381101001
Плательщик1=ООО "ИРКУТСКИЙ МАСЛОЖИРКОМБИНАТ"
Плательщик2=
Плательщик3=
Плательщик4=
ПлательщикРасчСчет=40702810266000000335
ПлательщикБанк1=ИРКУТСКИЙ РФ АО "РОССЕЛЬХОЗБАНК"
ПлательщикБанк2=г Иркутск
ПлательщикБИК=042520700
ПлательщикКорсчет=30101810700000000700
ПолучательСчет=40702810418310003957
ДатаПоступило=
Получатель=АО "Большееланское"
ПолучательИНН=3840006525
ПолучательКПП=385101001
Получатель1=АО "Большееланское"
Получатель2=
Получатель3=
Получатель4=
ПолучательРасчСчет=40702810418310003957
ПолучательБанк1=БАЙКАЛЬСКИЙ БАНК ПАО СБЕРБАНК
ПолучательБанк2=г Иркутск
ПолучательБИК=042520607
ПолучательКорсчет=30101810900000000607
СрокПлатежа=
Очередность=5
НазначениеПлатежа=Оплата по договору №24 от 01.01.2023г.за молоко  (не является авансовым платежом)  НДС-98483-90
ВидПлатежа=
ВидОплаты=01
Код=
КонецДокумента
СекцияДокумент=Платежное поручение
Дата=19.12.2023
Номер=966
Сумма=141955.00
ПлательщикСчет=40702810266000000335
ДатаСписано=19.12.2023
Плательщик=ООО "ИРКУТСКИЙ МАСЛОЖИРКОМБИНАТ"
ПлательщикИНН=3811185573
ПлательщикКПП=381101001
Плательщик1=ООО "ИРКУТСКИЙ МАСЛОЖИРКОМБИНАТ"
Плательщик2=
Плательщик3=
Плательщик4=
ПлательщикРасчСчет=40702810266000000335
ПлательщикБанк1=ИРКУТСКИЙ РФ АО "РОССЕЛЬХОЗБАНК"
ПлательщикБанк2=г Иркутск
ПлательщикБИК=042520700
ПлательщикКорсчет=30101810700000000700
ПолучательСчет=40802810713314209340
ДатаПоступило=
Получатель=ИП Глава Крестьянского фермерского хозяйства Иванов Алексей Юрьевич
ПолучательИНН=381455969760
ПолучательКПП=0
Получатель1=ИП Глава Крестьянского фермерского хозяйства Иванов Алексей Юрьевич
Получатель2=
Получатель3=
Получатель4=
ПолучательРасчСчет=40802810713314209340
ПолучательБанк1=Филиал "Центральный" Банка ВТБ (ПАО)
ПолучательБанк2=г Москва
ПолучательБИК=044525411
ПолучательКорсчет=30101810145250000411
СрокПлатежа=
Очередность=5
НазначениеПлатежа=Оплата по договору №47 от 01.06.2023г. за молоко (не является авансовым платежом)  НДС-не облагается
ВидПлатежа=
ВидОплаты=01
Код=
КонецДокумента
СекцияДокумент=Платежное поручение
Дата=19.12.2023
Номер=968
Сумма=110352.70
ПлательщикСчет=40702810266000000335
ДатаСписано=19.12.2023
Плательщик=ООО "ИРКУТСКИЙ МАСЛОЖИРКОМБИНАТ"
ПлательщикИНН=3811185573
ПлательщикКПП=381101001
Плательщик1=ООО "ИРКУТСКИЙ МАСЛОЖИРКОМБИНАТ"
Плательщик2=
Плательщик3=
Плательщик4=
ПлательщикРасчСчет=40702810266000000335
ПлательщикБанк1=ИРКУТСКИЙ РФ АО "РОССЕЛЬХОЗБАНК"
ПлательщикБанк2=г Иркутск
ПлательщикБИК=042520700
ПлательщикКорсчет=30101810700000000700
ПолучательСчет=40802810408030001182
ДатаПоступило=
Получатель=ИП Глава КФХ Комаров Юрий Владимирович
ПолучательИНН=382600972459
ПолучательКПП=0
Получатель1=ИП Глава КФХ Комаров Юрий Владимирович
Получатель2=
Получатель3=
Получатель4=
ПолучательРасчСчет=40802810408030001182
ПолучательБанк1=Филиал "Центральный" Банка ВТБ (ПАО)
ПолучательБанк2=г Москва
ПолучательБИК=044525411
ПолучательКорсчет=30101810145250000411
СрокПлатежа=
Очередность=5
НазначениеПлатежа=Оплата по договору №34 от 14.04.2023г. за молоко (не является авансовым платежом)  НДС-не облагается
ВидПлатежа=
ВидОплаты=01
Код=
КонецДокумента
СекцияДокумент=Платежное поручение
Дата=19.12.2023
Номер=971
Сумма=2538900.00
ПлательщикСчет=40702810266000000335
ДатаСписано=19.12.2023
Плательщик=ООО "ИРКУТСКИЙ МАСЛОЖИРКОМБИНАТ"
ПлательщикИНН=3811185573
ПлательщикКПП=381101001
Плательщик1=ООО "ИРКУТСКИЙ МАСЛОЖИРКОМБИНАТ"
Плательщик2=
Плательщик3=
Плательщик4=
ПлательщикРасчСчет=40702810266000000335
ПлательщикБанк1=ИРКУТСКИЙ РФ АО "РОССЕЛЬХОЗБАНК"
ПлательщикБанк2=г Иркутск
ПлательщикБИК=042520700
ПлательщикКорсчет=30101810700000000700
ПолучательСчет=40702810900000068570
ДатаПоступило=
Получатель=ООО "ПРОМЖЕЛДОРТРАНС"
ПолучательИНН=6672135578
ПолучательКПП=667101001
Получатель1=ООО "ПРОМЖЕЛДОРТРАНС"
Получатель2=
Получатель3=
Получатель4=
ПолучательРасчСчет=40702810900000068570
ПолучательБанк1=Банк ГПБ (АО)
ПолучательБанк2=г Москва
ПолучательБИК=044525823
ПолучательКорсчет=30101810200000000823
СрокПлатежа=
Очередность=5
НазначениеПлатежа=Доплата 15% по сч.№122 от 11.12.23г,дог.№68ГД-23 от 24.07.23г. за вагоны-хопперы  бункерного типа для перевозки зерна модели 19-6869 (по ТУ 3182-869-01395963-2014)-35 штук  НДС-423150=
ВидПлатежа=
ВидОплаты=01
Код=
КонецДокумента
СекцияДокумент=Платежное поручение
Дата=19.12.2023
Номер=965
Сумма=2667813.50
ПлательщикСчет=40702810266000000335
ДатаСписано=19.12.2023
Плательщик=ООО "ИРКУТСКИЙ МАСЛОЖИРКОМБИНАТ"
ПлательщикИНН=3811185573
ПлательщикКПП=381101001
Плательщик1=ООО "ИРКУТСКИЙ МАСЛОЖИРКОМБИНАТ"
Плательщик2=
Плательщик3=
Плательщик4=
ПлательщикРасчСчет=40702810266000000335
ПлательщикБанк1=ИРКУТСКИЙ РФ АО "РОССЕЛЬХОЗБАНК"
ПлательщикБанк2=г Иркутск
ПлательщикБИК=042520700
ПлательщикКорсчет=30101810700000000700
ПолучательСчет=40802810500220189360
ДатаПоступило=
Получатель=ИП Глава КФХ Зубарева Наталья Владимировна
ПолучательИНН=191002810203
ПолучательКПП=0
Получатель1=ИП Глава КФХ Зубарева Наталья Владимировна
Получатель2=
Получатель3=
Получатель4=
ПолучательРасчСчет=40802810500220189360
ПолучательБанк1=АО "МСП Банк"
ПолучательБанк2=г Москва
ПолучательБИК=044525108
ПолучательКорсчет=30101810200000000108
СрокПлатежа=
Очередность=5
НазначениеПлатежа=Оплата по договору №5 от 01.03.2023г. за молоко (не является авансовым платежом)  НДС-242528-50
ВидПлатежа=
ВидОплаты=01
Код=
КонецДокумента
СекцияДокумент=Платежное поручение
Дата=19.12.2023
Номер=972
Сумма=64350000.00
ПлательщикСчет=40702810266000000335
ДатаСписано=19.12.2023
Плательщик=ООО "ИРКУТСКИЙ МАСЛОЖИРКОМБИНАТ"
ПлательщикИНН=3811185573
ПлательщикКПП=381101001
Плательщик1=ООО "ИРКУТСКИЙ МАСЛОЖИРКОМБИНАТ"
Плательщик2=
Плательщик3=
Плательщик4=
ПлательщикРасчСчет=40702810266000000335
ПлательщикБанк1=ИРКУТСКИЙ РФ АО "РОССЕЛЬХОЗБАНК"
ПлательщикБанк2=г Иркутск
ПлательщикБИК=042520700
ПлательщикКорсчет=30101810700000000700
ПолучательСчет=40702810900000068570
ДатаПоступило=
Получатель=ООО "ПРОМЖЕЛДОРТРАНС"
ПолучательИНН=6672135578
ПолучательКПП=667101001
Получатель1=ООО "ПРОМЖЕЛДОРТРАНС"
Получатель2=
Получатель3=
Получатель4=
ПолучательРасчСчет=40702810900000068570
ПолучательБанк1=Банк ГПБ (АО)
ПолучательБанк2=г Москва
ПолучательБИК=044525823
ПолучательКорсчет=30101810200000000823
СрокПлатежа=
Очередность=5
НазначениеПлатежа=Доплата 55% по сч.№124 от 13.12.23г,дог.№68ГД-23 от 24.07.23г. за вагоны-хопперы  бункерного типа для перевозки зерна модели 19-6869 (по ТУ 3182-869-01395963-2014)-15 штук  НДС-10725000=
ВидПлатежа=
ВидОплаты=01
Код=
КонецДокумента
СекцияДокумент=Платежное поручение
Дата=19.12.2023
Номер=970
Сумма=2557500.00
ПлательщикСчет=40702810266000000335
ДатаСписано=19.12.2023
Плательщик=ООО "ИРКУТСКИЙ МАСЛОЖИРКОМБИНАТ"
ПлательщикИНН=3811185573
ПлательщикКПП=381101001
Плательщик1=ООО "ИРКУТСКИЙ МАСЛОЖИРКОМБИНАТ"
Плательщик2=
Плательщик3=
Плательщик4=
ПлательщикРасчСчет=40702810266000000335
ПлательщикБанк1=ИРКУТСКИЙ РФ АО "РОССЕЛЬХОЗБАНК"
ПлательщикБанк2=г Иркутск
ПлательщикБИК=042520700
ПлательщикКорсчет=30101810700000000700
ПолучательСчет=40702810400000001348
ДатаПоступило=
Получатель=ЗАО "Большеуринское"
ПолучательИНН=2450012828
ПолучательКПП=245001001
Получатель1=ЗАО "Большеуринское"
Получатель2=
Получатель3=
Получатель4=
ПолучательРасчСчет=40702810400000001348
ПолучательБанк1=ООО "КРОНА-БАНК"
ПолучательБанк2=г Иркутск
ПолучательБИК=042520840
ПолучательКорсчет=30101810000000000840
СрокПлатежа=
Очередность=5
НазначениеПлатежа=Авансовый платеж по сч.№150 от 11.12.23г.,дог.№3 от 01.01.2022г. за молоко сырое   НДС-232500=
ВидПлатежа=
ВидОплаты=01
Код=
КонецДокумента
СекцияДокумент=Банковский ордер
Дата=19.12.2023
Номер=1704
Сумма=296.00
ПлательщикСчет=40702810266000000335
ДатаСписано=19.12.2023
Плательщик= ООО "ИРКУТСКИЙ МАСЛОЖИРКОМБИНАТ"
ПлательщикИНН=3811185573
ПлательщикКПП=381101001
Плательщик1=ООО "ИРКУТСКИЙ МАСЛОЖИРКОМБИНАТ"
Плательщик2=40702810266000000335
Плательщик3=ИРКУТСКИЙ РФ АО "РОССЕЛЬХОЗБАНК"
Плательщик4=
ПлательщикРасчСчет=40702810266000000335
ПлательщикБанк1=ИРКУТСКИЙ РФ АО "РОССЕЛЬХОЗБАНК"
ПлательщикБанк2=г Иркутск
ПлательщикБИК=042520700
ПлательщикКорсчет=30101810700000000700
ПолучательСчет=47423810966000003118
ДатаПоступило=
Получатель=ИНН 7725114488/380843001 ИРКУТСКИЙ РФ АО "РОССЕЛЬХОЗБАНК"
ПолучательИНН=7725114488
ПолучательКПП=380843001
Получатель1=ИРКУТСКИЙ РФ АО "РОССЕЛЬХОЗБАНК"
Получатель2=47423810966000003118
Получатель3=ИРКУТСКИЙ РФ АО "РОССЕЛЬХОЗБАНК"
Получатель4=
ПолучательРасчСчет=47423810966000003118
ПолучательБанк1=ИРКУТСКИЙ РФ АО "РОССЕЛЬХОЗБАНК"
ПолучательБанк2=г Иркутск
ПолучательБИК=042520700
ПолучательКорсчет=
СрокПлатежа=
Очередность=5
НазначениеПлатежа=Комиссия по п. 1.1.5 Тарифов за переводы по счету № '40702810266000000335' по Договору №049-12 от '03/12/2012' за 19/12/2023 кол-во документов 10. НДС не облагается.
ВидПлатежа=
ВидОплаты=17
Код=
КонецДокумента
КонецФайла